<record><leader>00000cas a22000007a 4500</leader><controlfield tag="001">13068425</controlfield><controlfield tag="008">860127d18511855pauwr ne      0    0ger d</controlfield><datafield ind1=" " ind2=" " tag="010"><subfield code="a">sn 86081048 </subfield></datafield><datafield ind1=" " ind2=" " tag="040"><subfield code="a">NPH</subfield><subfield code="b">eng</subfield><subfield code="c">NPH</subfield><subfield code="d">OCLCQ</subfield></datafield><datafield ind1=" " ind2=" " tag="042"><subfield code="a">msc</subfield></datafield><datafield ind1="0" ind2=" " tag="130"><subfield code="a">Volksfreund (New Berlin, Pa.)</subfield></datafield><datafield ind1="1" ind2="4" tag="245"><subfield code="a">Der Volksfreund.</subfield></datafield><datafield ind1=" " ind2=" " tag="260"><subfield code="a">New Berlin [Pa. :</subfield><subfield code="b">S.n.]</subfield></datafield><datafield ind1=" " ind2=" " tag="300"><subfield code="a">v. ;</subfield><subfield code="c">47 cm.</subfield></datafield><datafield ind1=" " ind2=" " tag="310"><subfield code="a">Weekly</subfield></datafield><datafield ind1="1" ind2=" " tag="362"><subfield code="a">Began in 1851.</subfield><subfield code="z">Cf. Rossell, G. Pa. newspapers.</subfield></datafield><datafield ind1="1" ind2=" " tag="362"><subfield code="a">Ceased in 1855?</subfield></datafield><datafield ind1=" " ind2=" " tag="500"><subfield code="a">Moved to Middleburg, Union County, Pa. in 1855?</subfield></datafield><datafield ind1=" " ind2=" " tag="588"><subfield code="a">Description based on: Bd. 4, no. 42 (Apr. 19, 1855).</subfield></datafield><datafield ind1=" " ind2=" " tag="752"><subfield code="a">United States</subfield><subfield code="b">Pennsylvania</subfield><subfield code="c">Union</subfield><subfield code="d">New Berlin.</subfield></datafield><datafield ind1=" " ind2=" " tag="752"><subfield code="a">United States</subfield><subfield code="b">Pennsylvania</subfield><subfield code="c">Union</subfield><subfield code="d">Middleburg.</subfield></datafield><datafield ind1="1" ind2=" " tag="029"><subfield code="a">AU@</subfield><subfield code="b">000023435666</subfield></datafield></record>